@inproceedings{ramachandran2015optimal,
  title={An optimal control approach to mapping GPS-denied environments using a stochastic robotic swarm},
  author={Ramachandran, Ragesh K and Elamvazhuthi, Karthik and Berman, Spring},
  booktitle={Int. Symp. Robot. Res.},
  year={2015}
}
@INPROCEEDINGS{Corless96onthe,
    author = {R. M. Corless and G. H. Gonnet and D. E. G. Hare and D. J. Jeffrey and D. E. Knuth},
    title = {On the Lambert W Function},
    booktitle = {ADVANCES IN COMPUTATIONAL MATHEMATICS},
    year = {1996},
    pages = {329--359},
    publisher = {}
}

@article{BN70,
author	=	{A. Beck and D. J. Newman},
title	=	{Yet more on the linear search problem},
journal	=	{Israel Journal of Mathematics}, 
volume	= 	{8},
year	=	{1970}, 
pages	=	{419--429},
}

@article{fms-mctc-10
, author    = "S{\'a}ndor P. Fekete and Joseph S. B. Mitchell and Christiane Schmidt"
, title     = "Minimum Covering with Travel Cost"
, journal   = "Journal of Combinatorial Optimization"
, year      = "2010"
, volume    = "20"
, issue     = 2
, pages     = "32--51"
, doi       = "http://dx.doi.org/10.1007/s10878-010-9303-0"
}

@article{lfm-stmrs-16,
  title={Structured Triangulation in Multi-Robot Systems: Coverage, Patrolling, Voronoi Partitions, and Geodesic Centers},
  author={Seoung Kyou Lee and S{\'a}ndor P. Fekete and James McLurkin},
  journal={International Journal of Robotics Research},
  volume={9},
  number={35},
  pages={1234--1260},
  year={2016},
}

@book{AG03,
author	=	{S. Alpern and S. Gal},
title	=	{The Theory of Search Games and Rendezvous},
publisher=	{Kluwer Academic Publishers},
year	=	{2003},
}

@article{dfg-olstc-06
, author =    "Erik D. Demaine and S{\'a}ndor P. Fekete and S. Gal"
, title =     "Online searching with turn cost"
, journal =   "Theoretical Computer Science"
, volume =    361
, number =    "2--3"
, year =      2006
, pages =     "342--355"
}

@article{abd+-octtc-05
, author =    "Esther M. Arkin and Michael A. Bender and Eric D. Demaine and S{\'a}ndor P. Fekete and Joseph S. B. Mitchell and Saurabh Sethia"
, title =     "Optimal covering tours with turn costs"
, journal =   "SIAM Journal of Computing"
, volume =    35
, issue =     3
, year =      2005
, pages =     "531--566"
}

@article{BCR93,
author	=	{R. A. Baeza-Yates and J. C. Culberson and G. J. E. Rawlins},
title	=	{Searching in the plane},
journal	=	{Information and Computation},
volume	=	{106},
year	=	{1993}, 
pages	=	{234--252},
}

@article{B64,
author	=	{A. Beck},
title	=	{On the linear search problem},
journal	=	{Naval Research Logistics}, 
volume	=	{bf 2},
 year	=	{1964}, 
pages	=	{221--228},
}

@article{B63,
author	=	{R. Bellman},
title	=	{An optimal search problem},
journal	=	{SIAM Reviews}, 
volume	=	{5},
year	=	{1963}, 
pages	=	{274},
}

@article{fkn-osar-06
, author =    "S{\'a}ndor P. Fekete and Rolf Klein and A. N{\"u}chter"
, title =     "Online Searching with an Autonomous Robot"
, journal =   "Computational Geometry: Theory \& Applications"
, volume =    34
, issue =     2
, year =      2006
, pages =     "102--115"
}

@inproceedings{fkn-sar-04,
author	=	{S.~P. Feketea and R.~Kleina and A.~N{\"u}chter},
title	=	{Searching with an autonomous robot. (Video + abstract)},
booktitle=	{Proceedings of the 20th ACM Symposium on Computational Geometry}, 
pages	=	{449--450},
year	=	{2004},
}

@book{FW98,
author	=	{A. Fiat and G. J. Woeginger},
title	=	{Online optimization, the state of the art},
year	=	{1998},
publisher =	{Springer},
series	=	{Lecture Notes in Computer Science}, 
volume	=	{1442}, 
}

@article{G72,
author	=	{S. Gal},
title	=	{A general search game},
journal	=	{Israel Journal of Mathematics},
volume	=	{bf 12},
year	=	{1972}, 
pages	=	{32--45},
}

@article{G74,
author	=	{Gal, Shmuel},
title	=	{Minimax solutions for linear search problems},
journal	=	{SIAM Journal on Applied Mathematics},
volume	=	 {bf 27},
year	=	{1974},
pages	=	{17--30},
}
@book{G80,
author	=	{S. Gal},
title	=	{Search Games},
publisher=	{Academic Press},
year	=	{1980}
}

@article{HIKK02,
author	=	{F. Hoffmann and C. Icking and R. Klein and and K. Kriegel},
title	=	{The polygon exploration problem},
journal	=	{SIAM Journal on Computing}, 
volume	=	{bf 31},
year	=	{1999},
pages	=	{ 577--600},
}

@article{JS01,
author	=	{P. Jaillet and M. Stafford},
title	=	{Online searching},
journal	=	{Operations Research},
volume	=	{bf 49},
year	=	{2001}, 
pages	=	{501--515},
}

@article{KRT96,
author	=	{M. Y. Kao and J. H. Reif and S. R. Tate},
title	=	{Searching in an unknown environment: an optimal randomized algorithm for the cow-path problem},
journal	=	{Information and Computation}, 
volume	=	{131},
year	=	{1996}, 
pages	=	{63--79},
}
